<record><leader>00000cas a22000007a 4500</leader><controlfield tag="001">17965731</controlfield><controlfield tag="008">880517d19561958msuwr ne      0    0eng d</controlfield><datafield ind1=" " ind2=" " tag="010"><subfield code="a">sn 88067148 </subfield></datafield><datafield ind1=" " ind2=" " tag="040"><subfield code="a">MSJ</subfield><subfield code="b">eng</subfield><subfield code="c">MSJ</subfield><subfield code="d">OCLCQ</subfield></datafield><datafield ind1=" " ind2=" " tag="042"><subfield code="a">msc</subfield></datafield><datafield ind1="0" ind2=" " tag="130"><subfield code="a">Baldwyn news (Baldwyn, Miss. : 1956)</subfield></datafield><datafield ind1="1" ind2="4" tag="245"><subfield code="a">The Baldwyn news.</subfield></datafield><datafield ind1=" " ind2=" " tag="260"><subfield code="a">Baldwyn, Miss. :</subfield><subfield code="b">William E. Johnson,</subfield><subfield code="c">-1958.</subfield></datafield><datafield ind1=" " ind2=" " tag="310"><subfield code="a">Weekly</subfield></datafield><datafield ind1="1" ind2=" " tag="362"><subfield code="a">Began in 1956.</subfield></datafield><datafield ind1="0" ind2=" " tag="362"><subfield code="a">-v. 19, no. 6 (Feb. 20, 1958).</subfield></datafield><datafield ind1=" " ind2=" " tag="588"><subfield code="a">Description based on: Vol. 17, no. 42 (Nov. 1, 1956).</subfield></datafield><datafield ind1=" " ind2=" " tag="752"><subfield code="a">United States</subfield><subfield code="b">Mississippi</subfield><subfield code="c">Lee</subfield><subfield code="d">Baldwyn.</subfield></datafield><datafield ind1=" " ind2=" " tag="752"><subfield code="a">United States</subfield><subfield code="b">Mississippi</subfield><subfield code="c">Prentiss</subfield><subfield code="d">Baldwyn.</subfield></datafield><datafield ind1="0" ind2="0" tag="780"><subfield code="t">Baldwyn weekly news (Baldwyn, Miss. : 1955)</subfield><subfield code="w">(OCoLC)17965773</subfield></datafield><datafield ind1="0" ind2="0" tag="785"><subfield code="t">Baldwyn weekly news (Baldwyn, Miss. : 1958)</subfield><subfield code="w">(OCoLC)17975017</subfield></datafield></record>